<record><leader>00000cas a22000007a 4500</leader><controlfield tag="001">14163651</controlfield><controlfield tag="008">860829c19159999nvuwr ne      0    0eng d</controlfield><controlfield tag="009">6540</controlfield><datafield ind1=" " ind2=" " tag="010"><subfield code="a">sn 86076367 </subfield></datafield><datafield ind1=" " ind2=" " tag="040"><subfield code="a">NNX</subfield><subfield code="b">eng</subfield><subfield code="c">NNX</subfield><subfield code="d">DLC</subfield></datafield><datafield ind1="1" ind2=" " tag="029"><subfield code="a">AU@</subfield><subfield code="b">000041710095</subfield></datafield><datafield ind1=" " ind2=" " tag="042"><subfield code="a">msc</subfield></datafield><datafield ind1="0" ind2="0" tag="245"><subfield code="a">Elko independent.</subfield></datafield><datafield ind1="1" ind2="3" tag="246"><subfield code="a">Weekly Elko independent</subfield></datafield><datafield ind1=" " ind2=" " tag="260"><subfield code="a">Elko, Nev. :</subfield><subfield code="b">Keith &amp; Russell,</subfield><subfield code="c">1915-</subfield></datafield><datafield ind1=" " ind2=" " tag="300"><subfield code="a">v. :</subfield><subfield code="b">ill.</subfield></datafield><datafield ind1=" " ind2=" " tag="310"><subfield code="a">Weekly</subfield></datafield><datafield ind1="0" ind2=" " tag="362"><subfield code="a">Vol. 48, no. 74 (Mar. 30, 1915)-</subfield></datafield><datafield ind1=" " ind2=" " tag="500"><subfield code="a">Title varies slightly as: Weekly Elko independent, Mar. 19, 1964-Dec. 31, 1964.</subfield></datafield><datafield ind1=" " ind2=" " tag="525"><subfield code="a">Supplements accompany some issues.</subfield></datafield><datafield ind1=" " ind2=" " tag="752"><subfield code="a">United States</subfield><subfield code="b">Nevada</subfield><subfield code="c">Elko</subfield><subfield code="d">Elko.</subfield></datafield><datafield ind1="0" ind2="0" tag="780"><subfield code="t">Daily independent (Elko, Nev.)</subfield><subfield code="w">(DLC)sn 84020355</subfield><subfield code="w">(OCoLC)10665985</subfield></datafield></record>